%           A book BiBTeX file than can be include
@BOOK{b:Bohm-vitense92.v3,
   author = {{B{\"o}hm-Vitense}, E.},
    title = "Introduction to stellar astrophysics. Volume 3. Stellar structure and evolution.",
    publisher = "Cambridge University Press",
booktitle = "{Introduction to stellar astrophysics. Volume 3.~Stellar structure and evolution.}",
     year = 1992,
}

@Book{b:GrayCorbally,
     author = "Gray, R.O and Corbally, C.J",
     title  = "Stellar Spectral Classification",
     publisher = "Oxford University Press",
     year = 2009,
     edition = 1
}

@BOOK{b:KippenhahnWeigert,
   author = {{Kippenhahn}, R. and {Weigert}, A.},
    title = "{Stellar Structure and Evolution}",
 keywords = {STELLAR STRUCTURE, STELLAR EVOLUTION},
booktitle = {Stellar Structure and Evolution, XVI, 468 pp.~192 figs..~ Springer-Verlag Berlin Heidelberg New York.~Also Astronomy and Astrophysics Library},
     year = 1990,
}

@BOOK{b:SalarisCassisi05,
   author = {{Salaris}, M. and {Cassisi}, S.},
    title = "{Evolution of Stars and Stellar Populations}",
publisher = "{John Wiley \& Sons Ltd}", 
booktitle = {Evolution of Stars and Stellar Populations, by Maurizio Salaris, Santi Cassisi, pp.~400.~ISBN 0-470-09220-3.~Wiley-VCH , December 2005.},
     year = 2005,
}

